@article{suchecki2005voter,
  title={Voter model dynamics in complex networks: Role of dimensionality, disorder, and degree distribution},
  author={Suchecki, Krzysztof and Egu{\'\i}luz, V{\'\i}ctor M. and San Miguel, Maxi},
  journal={Physical Review E},
  volume={72},
  number={3},
  pages={036132},
  year={2005},
  publisher={APS}
}


@article{klemm2002highly,
  title={Highly clustered scale-free networks},
  author={Klemm, Konstantin and Egu{\'\i}luz, V{\'\i}ctor M.},
  journal={Physical Review E},
  volume={65},
  pages={036123},
  year={2002},
  publisher={APS}
}

@article{carro2016noisy,
  title={The noisy voter model on complex networks},
  author={Carro, Adri{\'a}n and Toral, Ra{\'u}l and San Miguel, Maxi},
  journal={Scientific Reports},
  volume={6},
  number={1},
  pages={24775},
  year={2016},
  publisher={Springer Science and Business Media LLC},
  doi={10.1038/srep24775}
}

@article{watts1998collective,
  title={Collective dynamics of ``small‚Äêworld'' networks},
  author={Watts, Duncan J. and Strogatz, Steven H.},
  journal={Nature},
  volume={393},
  number={6684},
  pages={440--442},
  year={1998},
  publisher={Nature Publishing Group},
  doi={10.1038/30918}
}
@article{alhammal2005langevin,
  title={Langevin description of critical phenomena with two symmetric absorbing states},
  author={Al Hammal, Omar and Chat{\'e}, Hugues and Dornic, Ivan and Mu{\~n}oz, Miguel A.},
  journal={Physical Review Letters},
  volume={94},
  number={23},
  pages={230601},
  year={2005},
  publisher={APS},
  doi={10.1103/PhysRevLett.94.230601}
}

@article{burda2001statistical,
  title={Statistical ensemble of scale-free random graphs},
  author={Burda, Zdzis{\l}aw and Correia, Jo{\~a}o D. and Krzywicki, Andrzej},
  journal={Physical Review E},
  volume={64},
  pages={046118},
  year={2001},
  publisher={APS},
  doi={10.1103/PhysRevE.64.046118}
}

@book{livi2017nonequilibrium,
  title={Nonequilibrium Statistical Physics: A Modern Perspective},
  author={Livi, Roberto and Politi, Paolo},
  year={2017},
  publisher={Cambridge University Press}
}
